%% This BibTeX bibliography file was created using BibDesk.
%% http://bibdesk.sourceforge.net/


%% Created for Lauro Cesar Araujo at 2013-08-21 10:57:09 -0300 


%% Saved with string encoding Unicode (UTF-8) 
	
@misc{wiki_turing_machine, title={Turing machine}, url={https://en.wikipedia.org/wiki/Turing_machine}, journal={Wikipedia}, publisher={Wikimedia Foundation}, year={2021}, month={Jun}}
	
@misc{wiki_thompson_algorithm, title={Algoritmo de Thompson}, url={https://pt.wikipedia.org/wiki/Algoritmo_de_Thompson}, journal={Wikipedia}, publisher={Wikimedia Foundation}, year={2020}, month={Jul}}

@misc{dca_conversao_gr_afnd,title = {Construcao do autômato finito não-determinístico},url={https://www.dca.fee.unicamp.br/cursos/EA876/apostila/HTML/node47.html}, journal={Programação de Sistemas:Uma Introdução},publisher={Ricarte, I. L.},year={2003},month{Jul}}
